@article{Nanba2016,
title={指定頂点の媒介中心性を最小にする辺挿入位置の高速探索法},
author={{難波 俊行} and {河野 達生} and {高橋 規一}},
journal={電子情報通信学会技術研究報告},
volume={116},
number={215},
pages={63--68},
year={2016},
publisher={電子情報通信学会}
}
@article{Freeman1977,
title={A set of measures of centrality based on betweenness},
author={Freeman, Linton C},
journal={Sociometry},
pages={35--41},
year={1977},
publisher={JSTOR}
}
@article{Brandes2001,
title={A faster algorithm for betweenness centrality},
author={Brandes, Ulrik},
journal={Journal of mathematical sociology},
volume={25},
number={2},
pages={163--177},
year={2001},
publisher={Taylor \& Francis}
}

