@article{01Watts1998,
author = {Watts, Duncan J. and Strogatz, Steven H.},
doi = {10.1038/30918},
journal = {Nature},
number = {4},
pages = {440--442},
pmid = {9623998},
title = {{Collective dinamycs of 'small world' networks}},
volume = {393},
year = {1998}
}
@article{02Barabasi1999,
author = {Barab{\'{a}}si, Albert-L{\'{a}}szl{\'{o}} and Albert, R{\'{e}}ka},
doi = {10.1126/science.286.5439.509},
journal = {Science},
number = {5439},
pages = {509--512},
pmid = {10521342},
title = {{Emergence of scaling in random networks}},
volume = {286},
year = {1999}
}
@article{03Beauchamp1965,
annote = {doi: 10.1002/bs.3830100205},
author = {Beauchamp, Murray A},
doi = {10.1002/bs.3830100205},
journal = {Behavioral Science},
number = {2},
pages = {161--163},
publisher = {John Wiley {\&} Sons, Ltd},
title = {{An improved index of centrality}},
volume = {10},
year = {1965}
}
@article{04Bonacich1991,
author = {Bonacich, Phillip},
doi = {10.1016/0378-8733(91)90018-O},
journal = {Social Networks},
number = {2},
pages = {155--168},
title = {{Simultaneous group and individual centralities}},
volume = {13},
year = {1991}
}
@article{05Freeman1977,
author = {Freeman, Linton C.},
doi = {10.2307/3033543},
journal = {Sociometry},
number = {1},
pages = {35--41},
title = {{A Set of Measures of Centrality Based on Betweenness}},
volume = {40},
year = {1977}
}
@article{06Brandes2001,
author = {Brandes, Ulrik},
doi = {10.1080/0022250X.2001.9990249},
journal = {The Journal of Mathematical Sociology},
number = {2},
pages = {163--177},
pmid = {967},
title = {{A faster algorithm for betweenness centrality}},
volume = {25},
year = {2001}
}
@inproceedings{07Puzis2012,
author = {Puzis, Rami and Zilberman, Polina and Elovici, Yuval and Dolev, Shlomi and Brandes, Ulrik},
booktitle = {2012 International Conference on Privacy, Security, Risk and Trust and 2012 International Confernece on Social Computing},
doi = {10.1109/SocialCom-PASSAT.2012.66},
pages = {302--311},
publisher = {IEEE},
title = {{Heuristics for speeding up betweenness centrality computation}},
year = {2012}
}
@inproceedings{08Bentert2018,
author = {Bentert, Matthias and Dittmann, Alexander and Kellerhals, Leon and Nichterlein, Andr{\'{e}} and Niedermeier, Rolf},
booktitle = {29th International Symposium on Algorithms and Computation (ISAAC 2018)},
pages = {36:1--36:13},
title = {{An Adaptive Version of Brandes' Algorithm for Betweenness Centrality}},
year = {2018}
}
@inproceedings{09Erdos2015,
author = {Erd≈ës, D{\'{o}}ra and Ishakian, Vatche and Bestavros, Azer and Terzi, Evimaria},
booktitle = {Proceedings of the 2015 SIAM International Conference on Data Mining},
doi = {10.1137/1.9781611974010.49},
pages = {433--441},
title = {{A Divide-and-Conquer Algorithm for Betweenness Centrality}},
year = {2015}
}
@inproceedings{10Bader2006,
author = {Bader, David A. and Madduri, Kamesh},
booktitle = {Proceedings of the International Conference on Parallel Processing},
doi = {10.1109/ICPP.2006.57},
pages = {539--550},
title = {{Parallel algorithms for evaluating centrality indices in real-world networks}},
year = {2006}
}
@inproceedings{11Tan2009,
author = {Tan, Guangming and Tu, Dengbiao and Sun, Ninghui},
booktitle = {2009 International Conference on Parallel Processing},
doi = {10.1145/2063576.2063814},
pages = {340--347},
title = {{A Parallel Algorithm for Computing Betweenness Centrality}},
year = {2009}
}
@inproceedings{12Edmonds2010,
author = {Edmonds, Nick and Hoefler, Torsten and Lumsdaine, Andrew},
booktitle = {17th International Conference on High Performance Computing, HiPC 2010},
doi = {10.1109/HIPC.2010.5713180},
pages = {1--10},
title = {{A space-efficient parallel algorithm for computing betweenness centrality in distributed memory}},
year = {2010}
}
@inproceedings{13Bernaschi2016,
author = {Bernaschi, Massimo and Carbone, Giancarlo and Vella, Flavio},
booktitle = {Proceedings of the 5th Workshop on Irregular Applications: Architectures and Algorithms},
doi = {10.1145/2903150.2903153},
pages = {12:1----12:4},
title = {{Betweenness centrality on multi-GPU systems}},
year = {2015}
}
@article{14Brandes2007,
author = {Brandes, Ulrik and Pich, Christian},
doi = {10.1142/s0218127407018403},
journal = {International Journal of Bifurcation and Chaos},
number = {07},
pages = {2303--2318},
title = {{Centrality Estimation in Large Networks}},
volume = {17},
year = {2007}
}
@inproceedings{15Bader2007,
author = {Bader, David A. and Kintali, Shiva and Madduri, Kamesh and Mihail, Milena},
booktitle = {Algorithms and Models for the Web-Graph},
doi = {10.1007/978-3-540-77004-6_10},
pages = {124--137},
title = {{Approximating Betweenness Centrality}},
year = {2007}
}
@inproceedings{16Pfeffer2012,
author = {Pfeffer, J{\"{u}}rgen and Carley, Kathleen M.},
booktitle = {Proceedings of the 21st Annual Conference on World Wide Web (WWW)},
doi = {10.1145/2187980.2188239},
pages = {1043--1050},
title = {{k-Centralities: Local Approximations of Global Measures Based on Shortest Paths}},
year = {2012}
}
@inproceedings{17Yoshida2014,
author = {Yoshida, Yuichi},
booktitle = {Proceedings of the 20th ACM SIGKDD international conference on Knowledge discovery and data mining},
doi = {10.1145/2623330.2623626},
pages = {1416--1425},
title = {{Almost linear-time algorithms for adaptive betweenness centrality using hypergraph sketches}},
year = {2014}
}
@article{18Holme2012,
author = {Holme, Petter and Saram{\"{a}}ki, Jari},
doi = {10.1016/j.physrep.2012.03.001},
journal = {Physics Reports},
number = {3},
pages = {97--125},
title = {{Temporal networks}},
volume = {519},
year = {2012}
}
@inproceedings{19Lee2012,
author = {Lee, Min-joong and Lee, Jungmin and Park, Jaimie Y and Choi, Ryan H and Chung, Chin-Wan},
booktitle = {Proceedings of the 21st International Conference on World Wide Web},
pages = {351--360},
title = {{QUBE: a Quick algorithm for Updating BEtweenness centrality}},
year = {2012}
}
@article{20Singh2015,
author = {Singh, Rishi Ranjan and Goel, Keshav and Iyengar, Sudarshan R.S. and Gupta, Sukrit},
doi = {10.1080/15427951.2014.982311},
journal = {Internet Mathematics},
number = {4-5},
pages = {403--420},
title = {{A faster algorithm to update betweenness centrality after node alteration}},
volume = {11},
year = {2015}
}
@inproceedings{21Hayashi2015,
author = {Hayashi, Takanori and Akiba, Takuya and Yoshida, Yuichi},
booktitle = {Proceedings of the VLDB Endowment},
doi = {10.14778/2850578.2850580},
number = {2},
pages = {48--59},
title = {{Fully Dynamic Betweenness Centrality Maintenance on Massive Networks}},
volume = {9},
year = {2015}
}
@inproceedings{22Bergamini2015a,
author = {Bergamini, Elisabetta and Meyerhenke, Henning and Staudt, Christian L.},
booktitle = {2015 Proceedings of the Seventeenth Workshop on Algorithm Engineering and Experiments (ALENEX)},
doi = {10.1137/1.9781611973754.12},
pages = {133--146},
title = {{Approximating Betweenness Centrality in Large Evolving Networks}},
year = {2015}
}
@inproceedings{23Bergamini2015b,
author = {Bergamini, Elisabetta and Meyerhenke, Henning},
booktitle = {Algorithms-ESA 2015},
doi = {10.1007/978-3-662-48350-3_14},
pages = {155--166},
title = {{Fully-dynamic approximation of betweenness centrality}},
year = {2015}
}
@article{24Ramalingam1996,
author = {Ramalingam, G. and Reps, Thomas},
doi = {10.1016/0304-3975(95)00079-8},
journal = {Theoretical Computer Science},
number = {1-2},
pages = {233--277},
title = {{On the computational complexity of dynamic graph problems}},
volume = {158},
year = {1996}
}
@inproceedings{25Kas2013,
author = {Kas, Miray and Wachs, Matthew and Carley, Kathleen M. and Carley, L. Richard},
booktitle = {Proceedings of the 2013 IEEE/ACM International Conference on Advances in Social Networks Analysis and Mining - ASONAM '13},
doi = {10.1145/2492517.2492533},
pages = {33--40},
title = {{Incremental algorithm for updating betweenness centrality in dynamically growing networks}},
year = {2013}
}
@article{26Karger1993,
author = {Karger, David R and Koller, Daphne and Phillips, Steven J},
journal = {SIAM Journal on Computing},
number = {6},
pages = {1199--1217},
title = {{Finding the hidden path: Time bounds for all-pairs shortest paths}},
volume = {22},
year = {1993}
}
@inproceedings{27Nasre2014a,
author = {Nasre, Meghana and Pontecorvi, Matteo and Ramachandran, Vijaya},
booktitle = {International Symposium on Mathematical Foundations of Computer Science},
doi = {10.1007/978-3-662-44465-8_49},
pages = {577--588},
title = {{Betweenness centrality - Incremental and faster}},
year = {2014}
}
@inproceedings{28Demetrescu2003,
author = {Demetrescu, Camil and Italiano, Giuseppe F},
booktitle = {Proceedings of 35th ACM Symposium on Theory of Computing},
pages = {159--166},
title = {{A New Approach to Dynamic All Pairs Shortest Paths}},
year = {2003}
}
@inproceedings{29Nasre2014b,
author = {Nasre, Meghana and Pontecorvi, Matteo and Ramachandran, Vijaya},
booktitle = {International Symposium on Algorithms and Computation},
doi = {10.1007/978-3-319-13075-0_60},
pages = {766--778},
title = {{Decremental all-pairs ALL shortest paths and betweenness centrality}},
year = {2014}
}
@inproceedings{30Pontecorvi2015,
author = {Pontecorvi, Matteo and Ramachandran, Vijaya},
booktitle = {Proceedings of International Symposium on Algorithms and Computation},
doi = {10.1007/978-3-662-48971-0_29},
pages = {331--342},
title = {{Fully dynamic betweenness centrality}},
year = {2015}
}
@inproceedings{31Bergamini2017,
author = {Bergamini, Elisabetta and Meyerhenke, Henning and Ortmann, Mark and Slobbe, Arie},
booktitle = {16th International Symposium on Experimental Algorithms (SEA 2017)},
doi = {10.4230/LIPIcs.SEA.2017.23},
pages = {23:1--23:16},
title = {{Faster Betweenness Centrality Updates in Evolving Networks}},
volume = {75},
year = {2017}
}
@inproceedings{32Leskovec2016,
author = {Leskovec, Jure and Sosic, Rok},
booktitle = {ACM Transactions on Intelligent Systems and Technology},
number = {1},
title = {{SNAP: A General Purpose Network Analysis and Graph Mining Library}},
volume = {8},
year = {2016}
}
@misc{33Rozemberczki2019b,
archivePrefix = {arXiv},
arxivId = {1909.13021},
author = {Rozemberczki, Benedek and Allen, Carl and Sarkar, Rik},
eprint = {1909.13021},
month = {sep},
title = {{Multi-scale Attributed Node Embedding}},
year = {2019}
}
@misc{34OpenStreetMap,
author = {{OpenStreetMap contributors}},
howpublished = {\url{https://www.openstreetmap.org}},
title = {{Planet dump retrieved from https://planet.osm.org}},
year = {2017}
}
